@article{main_Huang2018ImprovingEI,
  title={Improving Explorability in Variational Inference with Annealed Variational Objectives},
  author={C. Huang and Shawn Tan and Alexandre Lacoste and Aaron C. Courville},
  journal={ArXiv},
  year={2018},
  volume={abs/1809.01818}
}

@article{Knoblauch2019GeneralizedVI,
  title={Generalized Variational Inference},
  author={Jeremias Knoblauch and J. Jewson and T. Damoulas},
  journal={ArXiv},
  year={2019},
  volume={abs/1904.02063}
}

@article{lucas2019understanding,
  title={Understanding posterior collapse in generative latent variable models},
  author={Lucas, James and Tucker, George and Grosse, Roger and Norouzi, Mohammad},
  year={2019}
}
% paper where VAE parameters were get
@article{TW:2016,
  title={Improving Variational Auto-Encoders using Householder Flow},
  author={Tomczak, Jakub M and Welling, Max},
  journal={arXiv preprint arXiv:1611.09630},
  year={2016}
}
@misc{kingma2013autoencoding,
    title={Auto-Encoding Variational Bayes},
    author={Diederik P Kingma and Max Welling},
    year={2013},
    eprint={1312.6114},
    archivePrefix={arXiv},
    primaryClass={stat.ML}
}
@misc{ranganath2015hierarchical,
    title={Hierarchical Variational Models},
    author={Rajesh Ranganath and Dustin Tran and David M. Blei},
    year={2015},
    eprint={1511.02386},
    archivePrefix={arXiv},
    primaryClass={stat.ML}
}
@misc{burda2015importance,
    title={Importance Weighted Autoencoders},
    author={Yuri Burda and Roger Grosse and Ruslan Salakhutdinov},
    year={2015},
    eprint={1509.00519},
    archivePrefix={arXiv},
    primaryClass={cs.LG}
}
